@book{yoneuchi,
  title={Webブラウザセキュリティ---Webアプリケーションの安全性を支える仕組みを整理する},
  author={米内貴志},
  publisher={ラムダノート},
  year={2021},
  month={1},
  date={15},
  edition={単行本（ソフトカバー）},
  language={日本語},
  pages={224},
  keywords={ブラウザ, Web構築・管理},
  isbn={978-4908686108},
  isbn10={4908686106},
  url={https://www.amazon.co.jp/dp/4908686106},
  url-am={https://www.amazon.co.jp/dp/4908686106/},
  url-ci={https://ci.nii.ac.jp/books/search?advanced=true&isbn=9784908686108},
  url-go={https://books.google.com/books?isbn=9784908686108},
  url-wo={https://www.worldcat.org/search?qt=l2a&q=isbn%3A9784908686108},
  price={￥3,080},
  condition={新品},
  timestamp={2021-07-10},
}
